
@article{smartcontr1,
	Author = {K. Christidis and M. Devetsikiotis},
	Journal = {IEEE Access},
	Doi = {doi:10.1109/ACCESS.2016.2566339},
	Pages = {2292 - 2303},
	Title = {Blockchains and Smart Contracts for the Internet of Things},
	Volume = {4},
	Year = {2016}
}

@article{smartcontr2,
	Author = {Szabo, N.},
	Journal = { First Monday},
	Doi = {doi.org/10.5210/fm.v2i9.548},
	Pages = {2292 - 2303},
	Title = {Formalizing and Securing Relationships on Public Networks},
	Volume = {2, n. 9},
	Year = {1997}
}

@Unpublished{Kwon14,
	author = {Kwon, J.},
	note = {Available at \url{https://tendermint.com/static/docs/tendermint.pdf}},
	title = {Tendermint: {C}onsensus without {M}ining},
	year = {2014}
}

@misc{Buterin13,
	author = {Buterin, V.},
	note = {Available at \url{https://ethereum.org/en/whitepaper/}},
	title = {Ethereum {W}hitepaper},
	year = {2013}
}

@Unpublished{Nakamoto08,
	author = {Nakamoto, S.},
	note = {Available at \url{https://bitcoin.org/bitcoin.pdf}},
	title = {Bitcoin: {A} {P}eer-to-{P}eer {E}lectronic {C}ash {S}ystem},
	year = {2008}
}

@inproceedings{TIGR21,
	Author = {C. F. Torres and A. K. Iannillo and A. Gervais and R. State},
	Booktitle = {Proceedings of the 5th Workshop on Trusted Smart Contracts (WTSC 2021)},
	Title = {The Eye of Horus: Spotting and Analyzing Attacks on Ethereum Smart Contracts},
	Year = {2021}
}

@inproceedings{CC02,
	Author = {P. Cousot and R. Cousot},
	Booktitle = {Proceedings of the 29th Symposium on Principles of Programming Languages (POPL 2002)},
	Pages = {178-190},
	Publisher = {ACM},
	Title = {Systematic {D}esign of {P}rogram {T}ransformation {F}rameworks by {A}bstract {I}nterpretation},
	Year = {2002}
}

@article{arrintext,
	author = {Nikolic, Urica and Spoto, Fausto},
	title = {Inferring Complete Initialization of Arrays},
	year = {2013},
	publisher = {Elsevier Science Publishers Ltd.},
	address = {GBR},
	volume = {484},
	doi = {10.1016/j.tcs.2013.01.007},
	journal = {Theor. Comput. Sci.},
	pages = {16–40},
}

@inproceedings{Spoto19,
  author    = {Spoto, F.},
  title     = {A {J}ava {F}ramework for {S}mart {C}ontracts},
  booktitle = {3rd Wokshop on Trusted Smart Contracts (WTSC'19)},
  series    = {Lecture Notes in Computer Science},
  address   = {St.\ Kitts and Nevis},
  volume    = {11599},
  pages     = {122--137},
  publisher = {Springer},
  month     = {February},
  year      = {2019}
}

@incollection{Praun11b,
  author    = {Christoph von Praun},
  title     = {Race Detection Techniques},
  booktitle = {Encyclopedia of Parallel Computing},
  pages     = {1697--1706},
  publisher = {Springer},
  year      = {2011},
  doi       = {10.1007/978-0-387-09766-4\_38},
}

@inproceedings{addingConc17,
	author = {Dickerson, Thomas and Gazzillo, Paul and Herlihy, Maurice and Koskinen, Eric},
	title = {Adding Concurrency to Smart Contracts},
	year = {2017},
	isbn = {9781450349925},
	publisher = {Association for Computing Machinery},
	doi = {10.1145/3087801.3087835},
	booktitle = {Proceedings of the ACM Symposium on Principles of Distributed Computing},
	pages = {303–312},
	location = {Washington, DC, USA},
	series = {PODC ’17}
}

@article{addingConc20,
	Author = {Dickerson T., Gazzillo P., Herlihy M. et al},
	Journal = {Distributed Computing},
	Doi = {doi:10.1007/s00446-019-00357-z},
	Pages = {209 - 225},
	Title = {Adding Concurrency to Smart Contracts},
	Volume = {33},
	Year = {2020}
}

@book{Antonopoulos17,
	author = {Antonopoulos, A.~M.},
	title = {Mastering {B}itcoin: {U}nlocking {D}igital {C}ryptocurrencies},
	year = {2017},
	publisher = {O'Reilly},
	edition = {2nd}
}

@misc{Popper16,
	Author = {Popper, N.},
	Howpublished = {The New York Times, 2016-06-18},
	Title = {A {H}acking of {M}ore than \$50 {M}illion {D}ashes {H}opes in the {W}orld of {V}irtual {C}urrency}
}

@Article{byzantineproblem,
	author = {Lamport, Leslie and Shostak, Robert and Pease, Marshall},
	title = {The Byzantine Generals Problem},
	year = {1982},
	month = {July},
	pages = {382-401},
	journal = {ACM Transactions on Programming Languages and Systems}
}

@article{block_growsup,
	title = "From hype to reality: Blockchain grows up",
	journal = "Business Horizons",
	volume = "62",
	number = "3",
	pages = "269 - 271",
	year = "2019",
	issn = "0007-6813",
	doi = "https://doi.org/10.1016/j.bushor.2019.01.001",
	url = "http://www.sciencedirect.com/science/article/pii/S0007681319300011",
	author = "Jan Kietzmann and Chris Archer-Brown"
}

@article{VIRIYASITAVAT201921,
	title = "When blockchain meets Internet of Things: Characteristics, challenges, and business opportunities",
	journal = "Journal of Industrial Information Integration",
	volume = "15",
	pages = "21 - 28",
	year = "2019",
	issn = "2452-414X",
	doi = "https://doi.org/10.1016/j.jii.2019.05.002",
	url = "http://www.sciencedirect.com/science/article/pii/S2452414X19300202",
	author = "Wattana Viriyasitavat and Tharwon Anuphaptrirong and Danupol Hoonsopon"
}

@article{LU201980,
	title = "The blockchain: State-of-the-art and research challenges",
	journal = "Journal of Industrial Information Integration",
	volume = "15",
	pages = "80 - 90",
	year = "2019",
	issn = "2452-414X",
	doi = "https://doi.org/10.1016/j.jii.2019.04.002",
	url = "http://www.sciencedirect.com/science/article/pii/S2452414X19300019",
	author = "Yang Lu"
}

@InProceedings{julia,
	author="Spoto, Fausto",
	editor="Rival, Xavier",
	title="The Julia Static Analyzer for Java",
	booktitle="Static Analysis",
	year="2016",
	publisher="Springer Berlin Heidelberg",
	address="Berlin, Heidelberg",
	pages="39--57",
	isbn="978-3-662-53413-7"
}

@inproceedings{Spoto20,
  author    = {Spoto, F.},
  title     = {Enforcing {D}eterminism of {J}ava {S}mart {C}ontracts},
  booktitle = {4th Wokshop on Trusted Smart Contracts (WTSC'20)},
  series    = {Lecture Notes in Computer Science},
  volume    = {12063},
  pages     = {568--583},
  publisher = {Springer},
  year      = {2020},
  address   = {Kota Kinabalu, Malaysia},
  month     = {February}
}

@book{yuan2019building,
	title={Building Blockchain Apps},
	author={Yuan, M.J.},
	isbn={9780135173077},
	year={2019},
	publisher={Addison Wesley}
}

@book{AntonopoulosW18,
  title={Mastering {E}thereum: {B}uilding {S}mart {C}ontracts and {D}apps},
  author={Antonopoulos, A.~M. and Wood, G.},
  year={2018},
  publisher={O'Reilly}
}

@inproceedings{cousot77,
author = {Cousot, Patrick and Cousot, Radhia},
title = {Abstract Interpretation: A Unified Lattice Model for Static Analysis of Programs by Construction or Approximation of Fixpoints},
year = {1977},
isbn = {9781450373500},
publisher = {Association for Computing Machinery},
address = {New York, NY, USA},
doi = {10.1145/512950.512973},
booktitle = {Proceedings of the 4th ACM SIGACT-SIGPLAN Symposium on Principles of Programming Languages},
pages = {238–252},
numpages = {15},
location = {Los Angeles, California},
series = {POPL '77}
}

@inproceedings{cousot79,
author = {Cousot, Patrick and Cousot, Radhia},
title = {Systematic Design of Program Analysis Frameworks},
year = {1979},
isbn = {9781450373579},
publisher = {Association for Computing Machinery},
address = {New York, NY, USA},
doi = {10.1145/567752.567778},
booktitle = {Proceedings of the 6th ACM SIGACT-SIGPLAN Symposium on Principles of Programming Languages},
pages = {269–282},
numpages = {14},
location = {San Antonio, Texas},
series = {POPL '79}
}

@article{MUTHUKUMAR1992315,
title = "Compile-time derivation of variable dependency using abstract interpretation",
journal = "The Journal of Logic Programming",
volume = "13",
number = "2",
pages = "315 - 347",
year = "1992",
issn = "0743-1066",
doi = "https://doi.org/10.1016/0743-1066(92)90035-2",
author = "K. Muthukumar and M. Hermenegildo"
}

@article{SedlmeirBFK20,
  author    = {Sedlmeir, J. and
               Buhl, H.~U. and
               Fridgen, G. and
               Keller, R.},
  title     = {The {E}nergy {C}onsumption of {B}lockchain {T}echnology: {B}eyond {M}yth},
  journal   = {Business \& Information Systems Engineering},
  volume    = {62},
  number    = {6},
  pages     = {599--608},
  year      = {2020}
}

@inproceedings{AtzeiBC17,
  author    = {Atzei, N. and
               Bartoletti, M. and
               Cimoli, T.},
  title     = {A {S}urvey of {A}ttacks on {E}thereum {S}mart {C}ontracts ({SoK})},
  booktitle = {6th International Conference on Principles of Security and Trust (POST'17)},
  series    = {Lecture Notes in Computer Science},
  address   = {Uppsala, Sweden},
  month     = {April},
  volume    = {10204},
  pages     = {164--186},
  publisher = {Springer},
  year      = {2017}
}

@inproceedings{survey_eth_attacks,
	author = {Atzei, Nicola and Bartoletti, Massimo and Cimoli, Tiziana},
	title = {A Survey of Attacks on Ethereum Smart Contracts SoK},
	year = {2017},
	isbn = {9783662544549},
	publisher = {Springer-Verlag},
	address = {Berlin, Heidelberg},
	doi = {10.1007/978-3-662-54455-6_8},
	booktitle = {Proceedings of the 6th International Conference on Principles of Security and Trust - Volume 10204},
	pages = {164–186},
	numpages = {23}
}


@Article{OlivaHJ20,
	author = {Oliva, G.~A. and Hassan, A.~E. and Jiang, Z.~M.},
	title = {An {E}xploratory {S}tudy of {S}mart {C}ontracts in the {E}thereum {B}lockchain {P}latform},
	year = {2020},
	volume = {25},
	number = {3},
	journal = {Empirical Software Engineering},
	pages = {1864--1904}
}

@misc{gt_sarif,
	Author = {GrammaTech Inc.},
	Howpublished = { \url{https://blogs.grammatech.com/static-analysis-results-a-format-and-a-protocol-sarif-sasp}},
	Title = {Static Analysis Results: A Format and a Protocol: SARIF \& SASP},
	Year = {2018}
}

@INPROCEEDINGS{integer_overflow_games,
  author={T. {Min} and W. {Cai}},
  booktitle={2019 IEEE Games, Entertainment, Media Conference (GEM)},
  title={A Security Case Study for Blockchain Games},
  year={2019},
  volume={},
  number={},
  pages={1-8},
}

@book{ci_system,
	title={Continuous Integration. Improving Software Quality and Reducing Risk},
	author={Duvall, Paul M.},
	isbn={978-0-321-33638-5},
	year={2007},
	publisher={Addison Wesley}
}

@inproceedings{ASTREE,
	author = {Blanchet, Bruno and Cousot, Patrick and Cousot, Radhia and Feret, J{\'e}rome and Mauborgne, Laurent and Min{\'e}, Antoine and Monniaux, David and Rival, Xavier},
	title = {A Static Analyzer for Large Safety-critical Software},
	booktitle = {Proceedings of PLDI '03},
	year = {2003},
	publisher = {ACM}
}

@Misc{AbsInt,
title = 	 {AbsInt},
note = 	 {\url{https://www.absint.com/}},
year = {2020}
}

@Misc{Grammatech,
title = 	 {Grammatech},
note = 	 {\url{https://www.grammatech.com/}},
year = {2020}
}

@Misc{gitlab,
title = 	 {GitLab},
note = 	 {\url{https://about.gitlab.com/}},
year = {2020}
}

@Misc{jenkins,
title = 	 {Jenkins},
note = 	 {\url{https://www.jenkins.io/}},
year = {2020}
}

@Misc{cicleci,
title = 	 {CicleCI},
note = 	 {\url{https://circleci.com/}},
year = {2020}
}

@Misc{cosmos_sdk,
author = {Cosmos Network},
title = 	 {Cosmos SDK},
note = 	 {\url{https://cosmos.network/sdk}},
year = {2020}
}

@Misc{cosmos_gov,

author = {Cosmos Network},
title = 	 {Cosmos SDK - Gov Module},
note = 	 {\url{https://docs.cosmos.network/v0.40/modules/gov/}},
year = {2020}
}

@Misc{polkadot,
author = {Polkadot},
title = 	 {PolkaDot - Whitepaper},
note = 	 {\url{https://polkadot.network/PolkaDotPaper.pdf}},
year = {2020}
}

@Misc{polkadot_gov,
author = {Polkadot},
title = 	 {Learn governance},
note = 	 {\url{https://wiki.polkadot.network/docs/en/learn-governance}},
year = {2020}
}

@Misc{abci,
author = {Tendermint},
title =  {Tendermint Core - ABCI},
note = 	 {\url{https://docs.tendermint.com/master/spec/abci/}},
year = {2020}
}


@Misc{int_java,
author = {Oracle},
title = 	 {Java primitive types},
note = 	 {\url{https://docs.oracle.com/javase/tutorial/java/nutsandbolts/datatypes.html/}},
year = {2020}
}

@Misc{ci_systems,
author = {Wikipedia},
title = 	 {Continuos Integration},
note = 	 {\url{https://en.wikipedia.org/wiki/Continuous_integration}},
year = {2020}
}

@Misc{WikipediaStaticAnalysis,
	author = {Wikipedia},
	title = 	 {Static program analysis},
	note = 	 {\url{https://en.wikipedia.org/wiki/Static\_program\_analysis}},
	year = {2020}
}

@misc{tendermint_what,
	Author = {Tendermint},
	Howpublished = {What is Tendermint},
	note = {\url{https://docs.tendermint.com/master/introduction/what-is-tendermint.html}},
	Year = {2020}
}

@inproceedings{GriecoSCFG20,
	author = {Grieco, G. and Song, W. and Cygan, A. and Feist, J. and Groce, A.},
	title = {Echidna: {E}ffective, {U}sable, and {F}ast {F}uzzing for {S}mart {C}ontracts},
	year = {2020},
	booktitle = {29th {ACM} {SIGSOFT} International Symposium on Software
               Testing and Analysis (ISSTA'20)},
	publisher = {ACM},
	address = {USA},
	month = {July},
	pages = {557--560}
}

@inproceedings{FeistGG19,
  author    = {Feist, J. and
               Grieco, G. and
               Groce, A.},
  title     = {Slither: {A} {S}tatic {A}nalysis {F}ramework for {S}mart {C}ontracts},
  booktitle = {2nd International Workshop on Emerging Trends in
               Software Engineering for Blockchain (WETSEB@ICSE'19)},
  address   = {Montreal, QC, Canada},
  month     = {May},
  pages     = {8--15},
  publisher = {{IEEE} / {ACM}},
  year      = {2019}
}

@misc{mythx,
	Author = {ConsenSys},
	Howpublished = {MythX},
	note = {\url{https://mythx.io/}},
	Year = {2020}
}

@misc{fuzzing,
	Author = {Wikipedia},
	Howpublished = {Fuzzing},
	note = {\url{https://en.wikipedia.org/wiki/Fuzzing}},
	Year = {2020}
}

@misc{dataflow,
	Author = {Wikipedia},
	Howpublished = {Data-flow analysis},
	note = {\url{https://en.wikipedia.org/wiki/Data-flow_analysis}},
	Year = {2020}
}

@misc{symbolic_exec,
	Author = {Wikipedia},
	Howpublished = {Symbolic execution},
	note = {\url{https://en.wikipedia.org/wiki/Symbolic_execution}},
	Year = {2020}
}

@Article{ChenM19,
  author = 	 {Chen, J. and Micali, S.},
  title = 	 {Algorand: {A} {S}ecure and {E}fficient {D}istributed {L}edger},
  journal = 	 {Theoretical Computer Science},
  year = 	 {2019},
  volume = 	 {777},
  pages = 	 {155--183}
}

@inproceedings{Spoto16,
  author    = {Spoto, F.},
  title     = {The {J}ulia {S}tatic {A}nalyzer for {J}ava},
  booktitle = {23rd Static Analysis Symposium (SAS'16)},
  address   = {Edinburgh, UK},
  month     = {September},
  series    = {Lecture Notes in Computer Science},
  volume    = {9837},
  pages     = {39--57},
  publisher = {Springer},
  year      = {2016}
}


@misc{algorand_upgrade,
	Author = {Algorand Foundation},
	Howpublished = {Algorand Network Upgrades},
	note = {\url{https://algorand.foundation/protocol-development}}
}

@book{myerson13,
	title={Game theory: Analysis of Conflict},
	author={R. B. Myerson},
	isbn={9780674341166},
	year={1997},
	publisher={Harvard university press}
}
